<?xml version="1.0" encoding="UTF-8"?><record xmlns="http://www.loc.gov/MARC21/slim" xmlns:cinclude="http://apache.org/cocoon/include/1.0" xmlns:zs="http://www.loc.gov/zing/srw/">
  <leader>00962cz  a2200181n  4500</leader>
  <controlfield tag="001">n  84206591 </controlfield>
  <controlfield tag="003">DLC</controlfield>
  <controlfield tag="005">20051108130935.0</controlfield>
  <controlfield tag="008">850802n| acannaabn          |a aaa      </controlfield>
  <datafield tag="010" ind1=" " ind2=" ">
    <subfield code="a">n  84206591 </subfield>
  </datafield>
  <datafield tag="035" ind1=" " ind2=" ">
    <subfield code="a">(OCoLC)oca01497952</subfield>
  </datafield>
  <datafield tag="040" ind1=" " ind2=" ">
    <subfield code="a">DLC</subfield>
    <subfield code="b">eng</subfield>
    <subfield code="c">DLC</subfield>
    <subfield code="d">DLC</subfield>
    <subfield code="d">OCoLC</subfield>
    <subfield code="d">AzTeS</subfield>
  </datafield>
  <datafield tag="100" ind1="1" ind2=" ">
    <subfield code="a">Siva Kumar, M. V. K.</subfield>
  </datafield>
  <datafield tag="400" ind1="1" ind2=" ">
    <subfield code="a">Kumar, M. V. K. Siva</subfield>
  </datafield>
  <datafield tag="400" ind1="1" ind2=" ">
    <subfield code="a">Sivakumar, M. V. K.</subfield>
  </datafield>
  <datafield tag="400" ind1="1" ind2=" ">
    <subfield code="a">Sivakumar, Mannava V. K.</subfield>
  </datafield>
  <datafield tag="670" ind1=" " ind2=" ">
    <subfield code="a">Virmani, S. M. Rainfall probability estimates for selected locations of semi-arid India, 1982:</subfield>
    <subfield code="b">t.p. (M.V.K. Siva Kumar) p. iii (M.V.K. Sivakumar, principal agroclimatologist, Farming Systems Research Program, International Crops Research Institute for the Semi-arid Tropics, Patancheru, India)</subfield>
  </datafield>
  <datafield tag="670" ind1=" " ind2=" ">
    <subfield code="a">Natural disasters and extreme events in agriculture, c2005:</subfield>
    <subfield code="b">t.p. (Mannava V.K. Sivakumar) t.p. verso (Dr. Mannava V.K. Sivakumar, Agricultural Meteorology Division, World Meteorological Organization, Geneva, Switzerland)</subfield>
  </datafield>
</record>